@InCollection{sep-logic-temporal,
	author       =	{Galton, Antony},
	title        =	{Temporal Logic},
	booktitle    =	{The Stanford Encyclopedia of Philosophy},
	editor       =	{Edward N. Zalta},
	howpublished =	{\url{http://plato.stanford.edu/archives/fall2008/entries/logic-temporal/}},
	year         =	{2008},
	edition      =	{Fall 2008},
}